@article{pozzuoli:2003,
  title={Ethernet in substation automation applications--issues and requirements},
  author={Pozzuoli, M.P.},
  journal={Ruggedcom Inc},
  year={2003},
}

@inproceedings{bello:2001,
  title={Design issues for Ethernet in automation},
  author={Bello, L. and Mirabella, O.},
  booktitle={Emerging Technologies and Factory Automation, 2001. Proceedings. 2001 8th IEEE International Conference on},
  pages={213--221},
  year={2001},
  organization={IEEE},
}

@inproceedings{viegas:2006,
  title={Analysis of protocols to ethernet automation networks},
  author={Viegas, R. and Valentim, RAM and Texeira, DG and Guedes, LF},
  booktitle={SICE-ICASE, 2006. International Joint Conference},
  pages={4981--4985},
  year={2006},
  organization={IEEE},
}

@article{neumann:2007,
  title={Communication in industrial automation--What is going on?},
  author={Neumann, P.},
  journal={Control Engineering Practice},
  volume={15},
  number={11},
  pages={1332--1347},
  year={2007},
  publisher={Elsevier},
}

@book{rodriguez:2007,
  title={Sistemas Scada},
  author={Rodriguez, A.},
  edition={Ed. 2},
  year={2007},
  publisher={Marcombo},
}

@Misc{cummins:2005,
  author={Cummins Power Generation Inc.},
  title={Natural gas generator set QSV91 series engine},
  year={2008},
  url={http://www.cumminspower.com.br/pdf/gas/leanburn/60hz-GQPB.pdf},
}
